@Article{Battle2011,
  title={{GeoSPARQL}: Enabling a Geospatial {Semantic Web}},
  author={Battle, Robert and Kolas, Dave},
  journal={{Semantic Web Journal}},
  volume=3,
  number=4,
  pages={355--370},
  year=2011
}

@InCollection{Beek2014,
  author =       { Beek, Wouter and Rietveld, Laurens and Bazoobandi,
                  Hamid R. and Wielemaker, Jan and Schlobach, Stefan },
  booktitle =    {The {Semantic Web}--{ISWC} 2014},
  pages =        {213--228},
  publisher =    {Springer},
  title =        { {LOD Laundromat}: A Uniform Way of Publishing Other
                  People's Dirty Data },
  year =         2014
}

@InProceedings{Beek2015,
  author =       {Wouter Beek and Laurens Rietveld},
  booktitle =    {European {Semantic Web} Conference ({ESWC}) 2015:
                  Developers Workshop },
  title =        {{Frank}: The {LOD Cloud} at Your Fingertips},
  year =         2015
}

@Article{Beek2016a,
  author =       {Wouter Beek and Laurens Rietveld and Stefan
                  Schlobach and Frank van Harmelen},
  title =        {{LOD Laundromat}: Why the {Semantic Web} Needs
                  Centralization (Even If We Don't Like It)},
  journal =      {{IEEE Internet Computing}},
  volume =       20,
  issue =        2,
  page =         {78--81},
  year =         2016
}

@InProceedings{Beek2016b,
  author =       {Wouter Beek and Stefan Schlobach and Frank Van
                  Harmelen},
  booktitle =    {{ESWC} 2016},
  title =        {A Contextualised Semantics for {owl:sameAs}},
  year =         2016
}

@incollection{BuildAranda2013,
  year =         2013,
  booktitle =    {The {Semantic Web}--{ISWC} 2013},
  volume =       8219,
  series =       {Lecture Notes in Computer Science},
  editor =       {Alani, Harith and Kagal, Lalana and Fokoue, Achille
                  and Groth, Paul and Biemann, Chris and Parreira,
                  Josiane Xavier and Aroyo, Lora and Noy, Natasha and
                  Welty, Chris and Janowicz, Krzysztof},
  title =        {{SPARQL} {Web}-Querying Infrastructure: Ready for
                  Action?},
  publisher =    {{Springer Berlin Heidelberg}},
  author =       {Carlos Buil-Aranda and Aidan Hogan and J\"urgen
                  Umbrich and Pierre-Yves Vandenbussche},
  pages =        {277--293}
}

@article{Fernandez2013,
  title =        {Binary {RDF} Representation for Publication and
                  Exchange ({HDT})},
  author =       {Fern{\'a}ndez, Javier D and Mart{\'\i}nez-Prieto,
                  Miguel A and Guti{\'e}rrez, Claudio and Polleres,
                  Axel and Arias, Mario},
  journal =      {Web Semantics: Science, Services and Agents on the
                  {World Wide Web}},
  volume =       19,
  pages =        {22--41},
  year =         2013,
  publisher =    {Elsevier}
}

@TechReport{Overbeek2013,
  author =       {Hans Overbeek and Linda van den Brink},
  title =        {Towards a national {URI}-strategy for {Linked Data}
                  of the {Dutch} public sector},
  institution =  {{KOOP} and {Geonovum}},
  year =         2013
}

@InCollection{Rietveld2014,
  title={{YASGUI}: Feeling the Pulse of {Linked Data}},
  author={Laurens Rietveld and Rinke Hoekstra},
  booktitle={Knowledge Engineering and Knowledge Management},
  pages={441--452},
  year=2014,
  publisher={Springer International Publishing}
}

@InProceedings{Rietveld2015a,
  author =       { Laurens Rietveld and Ruben Verborgh and Wouter Beek
                  and Miel Vander Sande and Stefan Schlobach },
  booktitle =    {ESWC 2015},
  title =        {Redeploying the Semantic Web: Linked Data as a
                  Service},
  year =         2015
}

@InProceedings{Rietveld2015b,
  author =       { Laurens Rietveld and Wouter Beek and Stefan
                  Schlobach },
  booktitle =    {The {Semantic Web}--{ISWC} 2015},
  note =         {Best Paper Award},
  title =        {{LOD Lab}: Experiments at {LOD} Scale},
  year =         {Under submission}
}

@InProceedings{Ilievski2016,
  author =       {Filip Ilievski and Wouter Beek and Marieke van Erp
                  and Laurens Rietveld and Stefan Schlobach},
  title =        {{LOTUS}: Adaptive Text Search for {Big Linked Data}},
  booktitle =    {{ESWC} 2016},
  year =         2016
}

@InCollection{Verborgh2014,
  author =       { Verborgh, Ruben and Hartig, Olaf and De Meester,
                  Ben and Haesendonck, Gerald and De Vocht, Laurens
                  and Vander Sande, Miel and Cyganiak, Richard and
                  Colpaert, Pieter and Mannens, Erik and Van de Walle,
                  Rik },
  booktitle =    {The {Semantic Web}--{ISWC} 2014},
  title =        {Querying datasets on the Web with high availability},
  pages =        {180--196},
  publisher =    {{Springer}},
  year =         2014
}

@Article{Wielemaker2015,
  title =        {{ClioPatria}: A {SWI-Prolog} Infrastructure for the
                  {Semantic Web}},
  author =       {Jan Wielemaker and Wouter Beek and Michiel
                  Hildebrand and Jacco van Ossenbruggen},
  journal =      {{Semantic Web Journal}},
  year =         2015,
  publisher =    {{IOS Press}}
}
